<record><leader>00000cas a2200000 a 4500</leader><controlfield tag="001">8791876</controlfield><controlfield tag="008">820921d19761984nyuwn ne      0   a0eng c</controlfield><datafield ind1=" " ind2=" " tag="010"><subfield code="a">sn 95063006 </subfield></datafield><datafield ind1=" " ind2=" " tag="040"><subfield code="a">WIH</subfield><subfield code="b">eng</subfield><subfield code="c">WIH</subfield><subfield code="d">CNW</subfield><subfield code="d">OCL</subfield><subfield code="d">OCLCQ</subfield><subfield code="d">NVF</subfield><subfield code="d">OCLCF</subfield><subfield code="d">OCLCO</subfield></datafield><datafield ind1="1" ind2=" " tag="029"><subfield code="a">AU@</subfield><subfield code="b">000011501828</subfield></datafield><datafield ind1="0" ind2=" " tag="041"><subfield code="a">eng</subfield><subfield code="a">spa</subfield></datafield><datafield ind1=" " ind2=" " tag="042"><subfield code="a">pcc</subfield></datafield><datafield ind1=" " ind2=" " tag="043"><subfield code="a">n-us---</subfield></datafield><datafield ind1="0" ind2=" " tag="130"><subfield code="a">Workers viewpoint (New York, N.Y. : 1976)</subfield></datafield><datafield ind1="1" ind2="0" tag="245"><subfield code="a">Workers viewpoint =</subfield><subfield code="b">Punto de vista obrera.</subfield></datafield><datafield ind1="1" ind2="1" tag="246"><subfield code="a">Punto de vista obrera</subfield><subfield code="f">&lt;May 1978&gt;-&lt;Mar. 29, 1980&gt;</subfield></datafield><datafield ind1="1" ind2="7" tag="246"><subfield code="a">WV newspaper</subfield><subfield code="f">&lt;May 1978&gt;-&lt;Mar. 29, 1980&gt;</subfield></datafield><datafield ind1=" " ind2=" " tag="260"><subfield code="a">New York, N.Y. :</subfield><subfield code="b">[Workers Viewpoint Organization],</subfield><subfield code="c">1976-1984.</subfield></datafield><datafield ind1=" " ind2=" " tag="300"><subfield code="a">v. :</subfield><subfield code="b">ill. ;</subfield><subfield code="c">28 cm.</subfield></datafield><datafield ind1=" " ind2=" " tag="310"><subfield code="a">50 issues yearly,</subfield><subfield code="b">Mar. 29, 1980-</subfield></datafield><datafield ind1=" " ind2=" " tag="321"><subfield code="a">Monthly,</subfield><subfield code="b">&lt;Nov. 1977&gt;</subfield></datafield><datafield ind1="1" ind2=" " tag="362"><subfield code="a">Began in 1976?</subfield></datafield><datafield ind1="0" ind2=" " tag="362"><subfield code="a">-v. 9, no. 17 (July 4-17, 1984).</subfield></datafield><datafield ind1=" " ind2=" " tag="500"><subfield code="a">"Fight for Socialism!"</subfield></datafield><datafield ind1=" " ind2=" " tag="500"><subfield code="a">Published in English ed., Spanish ed. (English included), and: Chinese ed. (English included), &lt;May 26, 1980-&gt;</subfield></datafield><datafield ind1=" " ind2=" " tag="546"><subfield code="a">Inverted text in English and Spanish, &lt;Mar. 29, 1980&gt;.</subfield></datafield><datafield ind1=" " ind2=" " tag="530"><subfield code="a">Available in microfilm from the State Historical Society of Wisconsin.</subfield></datafield><datafield ind1=" " ind2=" " tag="550"><subfield code="a">"Political organ of the Communist Workers Party, U.S.A."</subfield></datafield><datafield ind1=" " ind2=" " tag="588"><subfield code="a">Description based on: Vol. 2, no. 10 (Nov. 1977).</subfield></datafield><datafield ind1=" " ind2="0" tag="650"><subfield code="a">Socialism</subfield><subfield code="v">Newspapers.</subfield></datafield><datafield ind1=" " ind2="0" tag="650"><subfield code="a">Communism</subfield><subfield code="y">1945-</subfield><subfield code="v">Newspapers.</subfield></datafield><datafield ind1=" " ind2="0" tag="650"><subfield code="a">Labor</subfield><subfield code="z">United States</subfield><subfield code="v">Newspapers.</subfield></datafield><datafield ind1=" " ind2="0" tag="650"><subfield code="a">Working class</subfield><subfield code="v">Newspapers.</subfield></datafield><datafield ind1=" " ind2="7" tag="655"><subfield code="a">Newspapers.</subfield><subfield code="2">fast</subfield><subfield code="0">(OCoLC)fst01423814</subfield></datafield><datafield ind1=" " ind2="7" tag="648"><subfield code="a">Since 1945</subfield><subfield code="2">fast</subfield></datafield><datafield ind1=" " ind2="7" tag="650"><subfield code="a">Communism.</subfield><subfield code="2">fast</subfield><subfield code="0">(OCoLC)fst00870421</subfield></datafield><datafield ind1=" " ind2="7" tag="650"><subfield code="a">Labor.</subfield><subfield code="2">fast</subfield><subfield code="0">(OCoLC)fst00989798</subfield></datafield><datafield ind1=" " ind2="7" tag="650"><subfield code="a">Socialism.</subfield><subfield code="2">fast</subfield><subfield code="0">(OCoLC)fst01123637</subfield></datafield><datafield ind1=" " ind2="7" tag="650"><subfield code="a">Working class.</subfield><subfield code="2">fast</subfield><subfield code="0">(OCoLC)fst01180418</subfield></datafield><datafield ind1=" " ind2="7" tag="651"><subfield code="a">United States.</subfield><subfield code="2">fast</subfield><subfield code="0">(OCoLC)fst01204155</subfield></datafield><datafield ind1="2" ind2=" " tag="710"><subfield code="a">Workers Viewpoint Organization.</subfield></datafield><datafield ind1="2" ind2=" " tag="710"><subfield code="a">Communist Workers Party (U.S.)</subfield></datafield><datafield ind1=" " ind2=" " tag="752"><subfield code="a">United States</subfield><subfield code="b">New York</subfield><subfield code="c">New York</subfield><subfield code="d">New York.</subfield></datafield><datafield ind1="0" ind2="8" tag="787"><subfield code="i">WV theoretical journal</subfield><subfield code="t">Workers viewpoint journal</subfield><subfield code="w">(OCoLC)12776161</subfield></datafield></record>